2857 4687
628 347 1169 429 nonnarum
1235 349 1761 411 mmmmm.
1900 337 2072 439 167

289 477 383 554 V
367 501 779 555 annaeum
817 479 1433 570 Huancarssach‘a
1456 531 1482 566 ,
1520 475 1594 552 id
1634 497 1734 554 est
1757 532 1782 565 ,
1838 479 2075 558 Arhol

414 605 540 680 deb
561 607 877 682 Tambor.
1379 611 1384 620 '
1580 587 1591 604 x
1928 613 1939 638 ¹

349 728 516 805 obs.
547 731 829 809 Incolae
861 734 1038 807 hanc
1070 734 1408 809 arborem
1426 730 2065 825 Huancarssacha,

408 849 615 932 id'est
641 914 662 947 ‚
695 860 1035 964 Tympani
1062 858 1407 936 Arborem
1443 858 1801 958 appellant
1830 865 1859 948 ,³
1889 886 2065 962 quo-

407 981 596 1058 niam
628 1010 886 1060 crassus
918 987 1068 1093 ejus
1104 1004 1348 1061 cor-tex
1385 985 1477 1082 ad
1509 985 1864 1060 minorum
1891 1004 2069 1088 tym-

406 1134 755 1207 panorum
780 1162 804 1195 ‚
854 1109 1113 1209 quibus
1166 1111 1346 1186 inter
1394 1114 1687 1187 choreas
1729 1131 2071 1200 utuntur,

408 1231 708 1307 circulos
737 1232 1195 1308 conficiendos
1221 1234 1522 1307 inservit.
1553 1237 1902 1321 TruncuS,
1933 1234 2061 1333 qui

317 1343 322 1346 ⁸
408 1354 677 1446 inferne
736 1355 947 1433 valde
1000 1384 1259 1433 crassus
1316 1375 1419 1432 est
1446 1410 1469 1443 ,
1504 1376 1574 1431 et
1623 1358 1710 1432 ad
1748 1356 2070 1442 medium

342 1522 352 1528 ·
406 1481 637 1557 veluti
674 1481 1096 1562 tumefactus
1117 1507 1146 1572 “,
1175 1482 1383 1586 ligno
1437 1502 1699 1558 constat
1735 1482 2062 1587 fungoso‚
2101 1561 2105 1565 .

410 1631 628 1709 quern
660 1607 997 1684 facillime
1034 1627 1355 1708 penetrat
1390 1606 1707 1708 bipennis
1736 1663 1755 1696 ,
1791 1636 1930 1683 non
1966 1636 2067 1684 se-

413 1760 534 1809 cus
569 1761 648 1810 ac
685 1733 1094 1811 cucurbitae
1130 1762 1471 1834 pomum:
1505 1754 1937 1836 quapropter
1972 1734 2077 1808 ni·

412 1858 517 1932 hil
541 1858 803 1934 mirum
836 1860 893 1934 si
921 1865 1119 1953 arbos
1146 1914 1166 1948 ‚
1203 1887 1417 1960 quam
1457 1858 1680 1934 scindi
1719 1860 2065 1966 jussimus,

413 1985 731 2086 quamvis
767 1984 943 2061 adeo
970 1995 1258 2061 crassam
1281 2004 1362 2059 ut
1388 2011 1542 2060 eam
1569 1984 1715 2062 duo
1744 1983 2059 2062 homines

412 2109 538 2185 vix
562 2109 893 2210 amplecti
924 2129 1223 2211 possent,
1252 2109 1571 2185 citissime
1602 2136 1851 2186 eorum
1881 2136 2069 2186 unus

414 2236 770 2312 everterit.
808 2235 1124 2338 Lignum
1168 2234 1433 2310 siccum
1455 2232 1890 2311 levissimum
1942 2255 2066 2324 est,

417 2379 506 2432 et*
523 2361 610 2435 ad
635 2379 812 2433 rates
867 2379 939 2432 et
972 2360 1113 2434 alia
1139 2383 1436 2455 corpora
1461 2358 1533 2429 in
1564 2384 1786 2456 aquae
1829 2385 2078 2457 super-

418 2482 577 2560 ficie
642 2483 1042 2575 sustinenda
1100 2480 1554 2580 aptissimum.
1622 2480 2070 2557 Ramificatio

419 2636 697 2713 cymam
759 2607 1341 2683 frondosissimam
1402 2626 1473 2682 et
1532 2606 2067 2709 semiglobosam

424 2735 799 2811 constituit.
833 2733 1068 2810 Rubri
1105 2735 1251 2841 ejus
1280 2730 1529 2808 Flores
1570 2726 1748 2807 adeo
1781 2732 2070 2837 fugaces

424 2880 617 2950 sunt,
645 2879 731 2935 ut
767 2860 948 2937 intra
981 2877 1142 2934 octo
1175 2878 1298 2933 aut
1328 2858 1576 2932 decem
1609 2857 1888 2933 dierum
1918 2887 2077 2959 spa-

424 2985 625 3076 tium,
667 2985 980 3089 germina
1009 2983 1243 3062 omnia
1274 2981 1659 3059 maximum
1696 2982 2080 3062 incremen-

427 3131 579 3186 tum
607 3112 1007 3212 acquirant:
1060 3110 1369 3187 Fructus
1403 3128 1641 3207 autem
1676 3114 1837 3186 cum
1871 3111 2073 3212 quin-

429 3263 570 3339 que
619 3291 643 3324 ‚
717 3237 1073 3313 interdum
1131 3254 1440 3338 quatuor
1501 3234 1884 3337 insignibus
1944 3237 2071 3312 alis
2185 3225 2190 3229 ²

429 3359 730 3463 praediti
777 3361 913 3439 sint
935 3419 960 3452 ,
997 3364 1257 3440 arboris
1291 3387 1495 3479 coma
1525 3358 1852 3460 plurimis
1875 3359 2075 3436 velu-
